<?xml version="1.0" encoding="UTF-8"?><collection xmlns="http://www.loc.gov/MARC21/slim"><record><leader>00491nam--2200133-i-4500</leader><controlfield tag="001">000010690</controlfield><controlfield tag="002">20161230</controlfield><controlfield tag="005">20161230201028</controlfield><controlfield tag="008">060222s1000------------r-----000-0-eng-d</controlfield><datafield ind1=" " ind2=" " tag="080"><subfield code="a">616.4:543.544</subfield></datafield><datafield ind1=" " ind2=" " tag="100"><subfield code="a">Baudry, Jean-paul</subfield></datafield><datafield ind1=" " ind2=" " tag="245"><subfield code="a">La chromatographie sur colone. etude compa rative de differentes techniques pour la separation des composes iodes de la glande thyroide</subfield></datafield><datafield ind1=" " ind2=" " tag="260"><subfield code="a">Clermont, Universite De Clermont, Faculte Mixte De Medicine Et De Pharmacie, 1968 110 P</subfield></datafield><datafield ind1=" " ind2=" " tag="852"><subfield code="a">39041</subfield></datafield></record></collection>